
@article{barreca2012absolute,
  title={Absolute humidity, temperature, and influenza mortality: 30 years of county-level evidence from the United States},
  author={Barreca, Alan I and Shimshack, Jay P},
  journal={Am J Epidemiol},
  volume={176},
  number={suppl 7},
  pages={S114--S122},
  year={2012},
  publisher={Oxford Univ Press}
}


@article{bennun18a,
    author = {Ben-Nun, Michal AND Riley, Pete AND  Turtle, James AND Bacon, David AND Riley, Steven},
    journal = {PLoS Comput Biol},
    publisher = {Public Library of Science},
    title = {Forecasting National and Regional Influenza-Like-Illness for the USA},
    year = {2018},
    volume = {to be submitted}
}


@article{copeland2013,
  title={Google disease trends: an update},
  author={Copeland, Patrick and Romano, Raquel and Zhang, Tom and Hecht, Greg and Zigmond, Dan and Stefansen, Christian},
  journal={Nature},
  volume={457},
  pages={1012--1014},
  year={2013}
}


@article{cook2011,
  title={Assessing Google flu trends performance in the United States during the 2009 influenza virus A (H1N1) pandemic},
  author={Cook, Samantha and Conrad, Corrie and Fowlkes, Ashley L and Mohebbi, Matthew H},
  journal={PloS one},
  volume={6},
  number={8},
  pages={e23610},
  year={2011},
  publisher={Public Library of Science}
}


@book{gilks96a,
  title={Markov Chain Monte Carlo in Practice},
  author={Gilks, W.R. and Richardson, S. and Spiegelhalter, D.J.},
  isbn={9780412055515},
  lccn={98033429},
  series={Chapman and Hall/CRC Interdisciplinary Statistics Series},
  url={http://books.google.com/books?id=TRXrMWY\_i2IC},
  year={1996},
  publisher={Chapman \& Hall}
}


@article{ginsberg2009,
  title={Detecting influenza epidemics using search engine query data},
  author={Ginsberg, Jeremy and Mohebbi, Matthew H and Patel, Rajan S and Brammer, Lynnette and Smolinski, Mark S and Brilliant, Larry},
  journal={Nature},
  volume={457},
  number={7232},
  pages={1012},
  year={2009},
  publisher={Nature Publishing Group}
}


@article{kalnay1996ncep,
  title={The NCEP/NCAR 40-year reanalysis project},
  author={Kalnay, Eugenia and Kanamitsu, Masao and Kistler, Robert and Collins, William and Deaven, Dennis and Gandin, Lev and Iredell, Mark and Saha, Suranjana and White, Glenn and Woollen, John and others},
  journal={B Am Meteorol Soc},
  volume={77},
  number={3},
  pages={437--471},
  year={1996}
}


@book{keeling08a,
  title={Modeling Infectious Diseases In Humans and Animals},
  author={Keeling, M. J. AND Rohani, P.},
  isbn={978-0-691-11617-4},
  year={2008},
  publisher={Princeton University Press}
}


@article{lowen2007influenza,
  title={Influenza virus transmission is dependent on relative humidity and temperature},
  author={Lowen, Anice C and Mubareka, Samira and Steel, John and Palese, Peter},
  journal={PLoS Pathog},
  volume={3},
  number={10},
  pages={e151},
  year={2007},
  publisher={Public Library of Science}
}


@article{mills2014spatial,
    author = {Mills, Harriet L. AND Riley, Steven},
    journal = {PLoS Comput Biol},
    publisher = {Public Library of Science},
    title = {The Spatial Resolution of Epidemic Peaks},
    year = {2014},
    month = {04},
    volume = {10},
    url = {http://dx.doi.org/10.1371/journal.pcbi.1003561},
    pages = {1-9},
    number = {4}
}


@article{mitchell2004multi,
  title={The multi-institution North American Land Data Assimilation System (NLDAS): Utilizing multiple GCIP products and partners in a continental distributed hydrological modeling system},
  author={Mitchell, Kenneth E and Lohmann, Dag and Houser, Paul R and Wood, Eric F and Schaake, John C and Robock, Alan and Cosgrove, Brian A and Sheffield, Justin and Duan, Qingyun and Luo, Lifeng and others},
  journal={J Geophys Res-Atmos},
  volume={109},
  number={D7},
  year={2004},
  publisher={Wiley Online Library}
}


@article{riley15a,
    author = {Riley, Pete AND Ben-Nun, Michal AND Linker, Jon A. AND Cost, Angelia A. AND Sanchez, Jose L. AND George, Dylan AND Bacon, David P. AND Riley, Steven},
    journal = {PLoS Comput Biol},
    publisher = {Public Library of Science},
    title = {Early Characterization of the Severity and Transmissibility of Pandemic Influenza Using Clinical Episode Data from Multiple Populations},
    year = {2015},
    month = {09},
    volume = {11},
    url = {http://dx.doi.org/10.1371\%2Fjournal.pcbi.1004392},
    pages = {1-15},
    number = {9},
    doi = {10.1371/journal.pcbi.1004392}

}


@article{riley13a,
  author={Riley, Pete and Ben-Nun, Michal and Armenta, Richard and Linker, Jon A and Eick, Angela A and Sanchez, Jose L and George, Dylan and Bacon, David P and Riley, Steven},
  journal={PLoS computational biology},
  title={Multiple estimates of transmissibility for the 2009 influenza pandemic based on influenza-like-illness data from small US military populations},
  volume={9},
  number={5},
  pages={e1003064},
  url = {http://dx.doi.org/10.1371\%2Fjournal.pcbi.1003064},
  publisher={Public Library of Science}
}


@article{schappert2006,
  title={Ambulatory care visits to physician offices, hospital outpatient departments, and emergency departments: United States, 2001-02.},
  author={Schappert, SM and Burt, CW},
  journal={Vital and Health Statistics. Series 13, Data from the National Health Survey},
  number={159},
  pages={1--66},
  year={2006}
}


@article{shaman2010absolute,
    author = {Shaman, Jeffrey AND Pitzer, Virginia E. AND Viboud, C{\'e}cile AND Grenfell, Bryan T. AND Lipsitch, Marc},
    journal = {PLoS Biol},
    publisher = {Public Library of Science},
    title = {Absolute Humidity and the Seasonal Onset of Influenza in the Continental United States},
    year = {2010},
    month = {02},
    volume = {8},
    pages = {1-13},
    number = {2}
}


@article{shaman2011absolute,
  author = {Shaman, Jeffrey and Goldstein, Edward and Lipsitch, Marc},
  title = {Absolute Humidity and Pandemic Versus Epidemic Influenza},
  volume = {173},
  number = {2},
  pages = {127-135},
  year = {2011},
  journal = {Am J Epidemiol}
}


@article{shaman2009absolute,
  author = {Shaman, Jeffrey and Kohn, Melvin},
  title = {Absolute humidity modulates influenza survival, transmission, and seasonality},
  volume = {106},
  number = {9},
  pages = {3243-3248},
  year = {2009},
  journal = {PNAS}
}


@misc{namcs2011,
  author={Talwalkar, A and Hing, E and Palso, K},
  title={National Ambulatory Medical Care Survey: 2011 Summary Tables},
  url={http://www.cdc.gov/nchs/ahcd/ahcd_products.htm}
}


@misc{nhamcs2011,
  author={Talwalkar, A and Hing, E and Palso, K},
  title={National Hospital Ambulatory Medical Care Survey: 2011 Outpatient Department Summary Tables},
  url={http://www.cdc.gov/nchs/ahcd/ahcd_products.htm}}


@article{xia2012continental,
  title={Continental-scale water and energy flux analysis and validation for the North American Land Data Assimilation System project phase 2 (NLDAS-2): 1. Intercomparison and application of model products},
  author={Xia, Youlong and Mitchell, Kenneth and Ek, Michael and Sheffield, Justin and Cosgrove, Brian and Wood, Eric and Luo, Lifeng and Alonge, Charles and Wei, Helin and Meng, Jesse and others},
  journal={J Geophys Res-Atmos},
  volume={117},
  number={D3},
  year={2012},
  publisher={Wiley Online Library}
}



